@article{Andersson2007,
   author = {Andersson, Jesper L. R. and Jenkinson, M. and Smith, S.},
   title = {Non-linear optimisation},
   journal = {FMRIB Technical Report},
   volume = {TR07JA1},
   url = {http://www.fmrib.ox.ac.uk/analysis/techrep/tr07ja1/tr07ja1.pdf},
   year = {2007},
   type = {Journal Article}
}

@article{Avants2009,
   author = {Avants, B. and Khan, A. and McCluskey, L. and Elman, L. and Grossman, M.},
   title = {Longitudinal cortical atrophy in amyotrophic lateral sclerosis with frontotemporal dementia},
   journal = {Arch Neurol},
   volume = {66},
   number = {1},
   pages = {138-9},
   ISSN = {1538-3687 (Electronic) 0003-9942 (Linking)},
   DOI = {10.1001/archneurol.2008.542},
   url = {http://www.ncbi.nlm.nih.gov/pubmed/19139315},
   year = {2009},
   type = {Journal Article}
}

@article{Avants2011,
   author = {Avants, B. B. and Tustison, N. J. and Song, G. and Cook, P. A. and Klein, A. and Gee, J. C.},
   title = {A reproducible evaluation of ANTs similarity metric performance in brain image registration},
   journal = {Neuroimage},
   volume = {54},
   number = {3},
   pages = {2033-44},
   ISSN = {1095-9572 (Electronic) 1053-8119 (Linking)},
   DOI = {10.1016/j.neuroimage.2010.09.025},
   url = {http://www.ncbi.nlm.nih.gov/pubmed/20851191},
   year = {2011},
   type = {Journal Article}
}

@article{Cox1996,
   author = {Cox, Robert W},
   title = {{A}{F}{N}{I}: software for analysis and visualization of functional magnetic resonance neuroimages.},
   journal = {Computers and biomedical research, an international journal},
   volume = {29},
   pages = {162-73},
   year = {1996},
   type = {Journal Article}
}

@article{Greve2009,
   author = {Greve, D. N. and Fischl, B.},
   title = {Accurate and robust brain image alignment using boundary-based registration},
   journal = {Neuroimage},
   volume = {48},
   number = {1},
   pages = {63-72},
   ISSN = {1095-9572 (Electronic) 1053-8119 (Linking)},
   DOI = {10.1016/j.neuroimage.2009.06.060},
   url = {http://www.ncbi.nlm.nih.gov/pubmed/19573611},
   year = {2009},
   type = {Journal Article}
}

@article{Jenkinson2002,
   author = {Jenkinson, M. and Bannister, P. and Brady, M. and Smith, S.},
   title = {Improved optimization for the robust and accurate linear registration and motion correction of brain images},
   journal = {Neuroimage},
   volume = {17},
   number = {2},
   pages = {825-41},
   ISSN = {1053-8119 (Print) 1053-8119 (Linking)},
   url = {http://www.ncbi.nlm.nih.gov/pubmed/12377157},
   year = {2002},
   type = {Journal Article}
}

@article{Jenkinson2001,
   author = {Jenkinson, M. and Smith, S.},
   title = {A global optimisation method for robust affine registration of brain images},
   journal = {Med Image Anal},
   volume = {5},
   number = {2},
   pages = {143-56},
   ISSN = {1361-8415 (Print) 1361-8415 (Linking)},
   url = {http://www.ncbi.nlm.nih.gov/pubmed/11516708},
   year = {2001},
   type = {Journal Article}
}

@article{Klein2009,
   author = {Klein, A. and Andersson, J. and Ardekani, B. A. and Ashburner, J. and Avants, B. and Chiang, M. C. and Christensen, G. E. and Collins, D. L. and Gee, J. and Hellier, P. and Song, J. H. and Jenkinson, M. and Lepage, C. and Rueckert, D. and Thompson, P. and Vercauteren, T. and Woods, R. P. and Mann, J. J. and Parsey, R. V.},
   title = {Evaluation of 14 nonlinear deformation algorithms applied to human brain MRI registration},
   journal = {NeuroImage},
   volume = {46},
   number = {3},
   pages = {786-802},
   ISSN = {1095-9572 (Electronic) 1053-8119 (Linking)},
   DOI = {10.1016/j.neuroimage.2008.12.037},
   url = {http://www.ncbi.nlm.nih.gov/pubmed/19195496},
   year = {2009},
   type = {Journal Article}
}

@article{Klein2010,
   author = {Klein, A. and Ghosh, S. S. and Avants, B. and Yeo, B. T. and Fischl, B. and Ardekani, B. and Gee, J. C. and Mann, J. J. and Parsey, R. V.},
   title = {Evaluation of volume-based and surface-based brain image registration methods},
   journal = {NeuroImage},
   volume = {51},
   number = {1},
   pages = {214-20},
   ISSN = {1095-9572 (Electronic)
1053-8119 (Linking)},
   DOI = {10.1016/j.neuroimage.2010.01.091},
   url = {http://www.ncbi.nlm.nih.gov/pubmed/20123029},
   year = {2010},
   type = {Journal Article}
}

@article{Lange1999,
   author = {Lange, N. and Strother, S. C. and Anderson, J. R. and Nielsen, F. A. and Holmes, A. P. and Kolenda, T. and Savoy, R. and Hansen, L. K.},
   title = {Plurality and resemblance in fMRI data analysis},
   journal = {Neuroimage},
   volume = {10},
   number = {3 Pt 1},
   pages = {282-303},
   ISSN = {1053-8119 (Print) 1053-8119 (Linking)},
   DOI = {10.1006/nimg.1999.0472},
   url = {http://www.ncbi.nlm.nih.gov/pubmed/10458943},
   year = {1999},
   type = {Journal Article}
}

@article{LavoiCourchesne2012,
   author = {Lavoie-Courchesne, S. and Rioux, P. and Chouinard-Decorte, F. and Sherif, T. and Rousseau, M. -E and Das, S. and Adalat, R. and Doyon, J. and Craddock, C. and Margulies, D. and Chu, Carlton and Lyttelton, O. and Evans, A. C. and Bellec, P.},
   title = {Integration of a neuroimaging processing pipeline into a pan-canadian computing grid},
   journal = {Journal of Physics: Conference Series},
   volume = {341},
   pages = {012032+},
   year = {2012},
   type = {Journal Article}
}

@article{Shehzad2009,
   author = {Shehzad, Zarrar and Kelly, A M Clare and Reiss, Philip T and Gee, Dylan G and Gotimer, Kristin and Uddin, Lucina Q and Lee, Sang Han and Margulies, Daniel S and Roy, Amy Krain and Biswal, Bharat B and Petkova, Eva and Castellanos, F Xavier and Milham, Michael P},
   title = {The resting brain: unconstrained yet reliable.},
   journal = {Cerebral Cortex},
   volume = {19},
   pages = {2209-2229},
   DOI = {10.1093/cercor/bhn256},
   year = {2009},
   type = {Journal Article}
}

@article{Smith2004,
   author = {Smith, Stephen M and Jenkinson, Mark and Woolrich, Mark W and Beckmann, Christian F and Behrens, Timothy E J and Johansen-Berg, Heidi and Bannister, Peter R and De Luca, Marilena and Drobnjak, Ivana and Flitney, David E and Niazy, Rami K and Saunders, James and Vickers, John and Zhang, Yongyue and De Stefano, Nicola and Brady, J Michael and Matthews, Paul M},
   title = {Advances in functional and structural MR image analysis and implementation as FSL.},
   journal = {NeuroImage},
   volume = {23 Suppl 1},
   pages = {S208-19},
   DOI = {10.1016/j.neuroimage.2004.07.051},
   year = {2004},
   type = {Journal Article}
}

@article{Song2011,
   author = {Song, X. W. and Dong, Z. Y. and Long, X. Y. and Li, S. F. and Zuo, X. N. and Zhu, C. Z. and He, Y. and Yan, C. G. and Zang, Y. F.},
   title = {REST: a toolkit for resting-state functional magnetic resonance imaging data processing},
   journal = {PLoS One},
   volume = {6},
   number = {9},
   pages = {e25031},
   ISSN = {1932-6203 (Electronic) 1932-6203 (Linking)},
   DOI = {10.1371/journal.pone.0025031},
   url = {http://www.ncbi.nlm.nih.gov/pubmed/21949842},
   year = {2011},
   type = {Journal Article}
}

@article{Tomasi2009,
   author = {Tomasi, Dardo and Volkow, Nora D},
   title = {Functional connectivity density mapping.},
   journal = {Proc Natl Acad Sci U S A},
   volume = {107},
   pages = {9885-9890},
   ISSN = {1091-6490},
   DOI = {10.1073/pnas.1001414107},
   year = {2010},
   type = {Journal Article}
}

@article{TzourioMazoyer2001,
   author = {Tzourio-Mazoyer, N. and Landeau, B. and Papathanassiou, D. and Crivello, F. and Etard, O. and Delcroix, N. and Mazoyer, B. and Joliot, M.},
   title = {Automated anatomical labeling of activations in SPM using a macroscopic anatomical parcellation of the MNI MRI single-subject brain},
   journal = {NeuroImage},
   volume = {15},
   number = {1},
   pages = {273-89},
   ISSN = {1053-8119 (Print) 1053-8119 (Linking)},
   DOI = {10.1006/nimg.2001.0978},
   url = {http://www.ncbi.nlm.nih.gov/pubmed/11771995},
   year = {2002},
   type = {Journal Article}
}

@article{Varoquaux2013,
   author = {Varoquaux, G. and Craddock, R. C.},
   title = {Learning and comparing functional connectomes across subjects},
   journal = {Neuroimage},
   volume = {80},
   pages = {405-15},
   ISSN = {1095-9572 (Electronic) 1053-8119 (Linking)},
   DOI = {10.1016/j.neuroimage.2013.04.007},
   url = {http://www.ncbi.nlm.nih.gov/pubmed/23583357},
   year = {2013},
   type = {Journal Article}
}

@article{Yan2013,
   author = {Yan, C. G. and Craddock, R. C. and Zuo, X. N. and Zang, Y. F. and Milham, M. P.},
   title = {Standardizing the intrinsic brain: towards robust measurement of inter-individual variation in 1000 functional connectomes},
   journal = {Neuroimage},
   volume = {80},
   pages = {246-62},
   ISSN = {1095-9572 (Electronic)
1053-8119 (Linking)},
   DOI = {10.1016/j.neuroimage.2013.04.081},
   url = {http://www.ncbi.nlm.nih.gov/pubmed/23631983},
   year = {2013},
   type = {Journal Article}
}

@article{Zhang2001,
   author = {Zhang, Y. and Brady, M. and Smith, S.},
   title = {Segmentation of brain MR images through a hidden Markov random field model and the expectation-maximization algorithm},
   journal = {IEEE Trans Med Imaging},
   volume = {20},
   number = {1},
   pages = {45-57},
   ISSN = {0278-0062 (Print)
0278-0062 (Linking)},
   DOI = {10.1109/42.906424},
   url = {http://www.ncbi.nlm.nih.gov/pubmed/11293691},
   year = {2001},
   type = {Journal Article}
}

